@article{pflichtenheft,
  author          = {Bela Tollkien},
  title           = {{P}flichtenheft f√ºr das {A}bschlussprojekt in {I}nformatik {K}lasse 10},
}


# google
@misc{google,
  title           = {{G}oogle {S}uchmaschine},
  howpublished    = {\url{https://www.google.de}},
  note            = {Zugriff: 29.05.2023},
}

# qt5 documentation
@misc{qt5,
  author          = {Qt Project},
  title           = {{Q}t 5.5 {D}ocumentation},
  howpublished    = {\url{http://doc.qt.io/qt-5/}},
  note            = {Zugriff: 29.05.2023},
}

# stackoverflow
@misc{stackoverflow,
  title           = {{S}tack {O}verflow},
  howpublished    = {\url{http://stackoverflow.com/}},
  note            = {Zugriff: 05.2023},
}

# git
@misc{git,
  title           = {{G}it},
  howpublished    = {\url{https://git-scm.com/}},
  note            = {Zugriff: 29.05.2023},
}

# github
@misc{github,
  title           = {{G}it{H}ub},
  howpublished    = {\url{https://github.com/}},
  note            = {Zugriff: 29.05.2023},
}